@article{blendenpik,
author = {Avron, Haim and Maymounkov, Petar},
year = {2010},
month = {01},
pages = {1217-1236},
title = {Blendenpik: Supercharging LAPACK's least-squares solver},
volume = {32},
journal = {SIAM J. Scientific Computing},
doi = {10.1137/090767911}
}

@article{CUR,
author = {Drineas, Petros and Mahoney, Michael and Muthukrishnan, Senthilmurugan},
year = {2008},
month = {05},
pages = {844-881},
title = {Relative-Error $CUR$ Matrix Decompositions},
volume = {30},
journal = {SIAM Journal on Matrix Analysis and Applications},
doi = {10.1137/07070471X}
}

@article{randalg,
author = {Rokhlin, Vladimir and Tygert, Mark},
year = {2008},
month = {09},
pages = {13212-7},
title = {A fast randomized algorithm for overdetermined linear least-squares regression},
volume = {105},
journal = {Proceedings of the National Academy of Sciences of the United States of America},
doi = {10.1073/pnas.0804869105}
}
